<record xmlns:xsi="http://www.w3.org/2001/XMLSchema-instance" xmlns="http://www.loc.gov/MARC21/slim" xsi:schemaLocation="http://www.loc.gov/MARC21/slim http://www.loc.gov/standards/marcxml/schema/MARC21slim.xsd">

  <leader>     nam a22        4500</leader>
  <datafield tag="999" ind1=" " ind2=" ">
    <subfield code="c">3484</subfield>
    <subfield code="d">3484</subfield>
  </datafield>
  <controlfield tag="003">cru INIE</controlfield>
  <controlfield tag="005">20180223143215.0</controlfield>
  <controlfield tag="008">180223b2014    pn ||||| |||| 00| | spa d</controlfield>
  <datafield ind2=" " ind1=" " tag="040">
    <subfield code="c">cru INIE</subfield>
  </datafield>
  <datafield ind1=" " ind2=" " tag="090">
    <subfield code="a">05.03.01</subfield>
    <subfield code="b">2129</subfield>
  </datafield>
  <datafield tag="100" ind1="1" ind2=" ">
    <subfield code="9">3380</subfield>
    <subfield code="a">Garrido Pérez, José Ángel</subfield>
  </datafield>
  <datafield ind1=" " ind2=" " tag="245">
    <subfield code="a">Escuelas de excelencias al servicio del mercado /</subfield>
    <subfield code="c">José Ángel Garrido Pérez</subfield>
  </datafield>
  <datafield tag="260" ind2=" " ind1=" ">
    <subfield code="a">Panamá :</subfield>
    <subfield code="b">CELA,</subfield>
    <subfield code="c">2014</subfield>
  </datafield>
  <datafield tag="300" ind1=" " ind2=" ">
    <subfield code="a">pp. 131-137</subfield>
  </datafield>
  <datafield ind2="4" ind1="1" tag="650">
    <subfield code="9">1</subfield>
    <subfield code="a">EDUCACIÓN</subfield>
  </datafield>
  <datafield ind1="1" ind2="4" tag="650">
    <subfield code="9">300</subfield>
    <subfield code="a">ESCUELAS </subfield>
  </datafield>
  <datafield ind1="0" ind2=" " tag="773">
    <subfield code="0">3483</subfield>
    <subfield code="9">3712</subfield>
    <subfield code="d">Panamá : CELA, 2014</subfield>
    <subfield code="o">004412</subfield>
    <subfield code="t">Tareas</subfield>
    <subfield code="x">04947061</subfield>
  </datafield>
  <datafield tag="942" ind1=" " ind2=" ">
    <subfield code="2">z</subfield>
    <subfield code="c">10</subfield>
  </datafield>
</record>